<?xml version="1.0" encoding="UTF-8"?><collection xmlns="http://www.loc.gov/MARC21/slim"><record><leader>00399nam--2200133-i-4500</leader><controlfield tag="001">000011692</controlfield><controlfield tag="002">20161230</controlfield><controlfield tag="005">20161230201029</controlfield><controlfield tag="008">060222s1000------------r-----000-0-eng-d</controlfield><datafield ind1=" " ind2=" " tag="080"><subfield code="a">347(021.11)</subfield></datafield><datafield ind1=" " ind2=" " tag="100"><subfield code="a">Bejenaru, Constantin Si Ionescu, Olga</subfield></datafield><datafield ind1=" " ind2=" " tag="245"><subfield code="a">Codul muncii pe intelesul tuturor. editia a ii -a, revazuta si completata</subfield></datafield><datafield ind1=" " ind2=" " tag="260"><subfield code="a">Bucuresti, Editura Politica, 1976 256 P</subfield></datafield><datafield ind1=" " ind2=" " tag="852"><subfield code="a">43119</subfield></datafield></record></collection>